@book{Sant2015,
  doi = {10.1007/978-3-319-20828-2},
  url = {https://doi.org/10.1007/978-3-319-20828-2},
  year = {2015},
  publisher = {Springer International Publishing},
  author = {Filippo Santambrogio},
  title = {Optimal Transport for Applied Mathematicians}
}
@article{Seguy2018,
      title={Large-Scale Optimal Transport and Mapping Estimation}, 
      author={Vivien Seguy and Bharath Bhushan Damodaran and Rémi Flamary and Nicolas Courty and Antoine Rolet and Mathieu Blondel},
      year={2018},
      eprint={1711.02283},
      archivePrefix={arXiv},
      primaryClass={stat.ML}
}
@article{Peyre2019,
year = {2019},
volume = {11},
journal = {Foundations and Trends in Machine Learning},
title = {Computational Optimal Transport},
number = {5-6},
pages = {355--607},
author = {Gabriel Peyr\’e and Marco Cuturi}
}
@article{Clas2021,
  doi = {10.1016/j.jmaa.2020.124432},
  url = {https://doi.org/10.1016/j.jmaa.2020.124432},
  year = {2021},
  month = feb,
  publisher = {Elsevier {BV}},
  volume = {494},
  number = {1},
  pages = {124432},
  author = {Christian Clason and Dirk A. Lorenz and Hinrich Mahler and Benedikt Wirth},
  title = {Entropic regularization of continuous optimal transport problems},
  journal = {Journal of Mathematical Analysis and Applications}
}